@book{
	Rudin ,
	title = { Real \& Complex Analyis} ,
	author = { Walter Rudin } ,
	edition = { 3rd } ,
	year = { 1987 } ,
	publisher = {McGraw-Hill}
}

